@article{kuppermann2009,
title={Identification of children at very low risk of clinically-important brain injuries after head trauma: a prospective cohort study},
volume={374},
DOI={10.1016/S0140-6736(09)61558-0},
number={},
journal={The Lancet},
author={Kuppermann, N., et al.},
year={2008},
pages={1160-1170}}

@article{faul2010,
title={Traumatic Brain Injury in the United States: Emergency Department Visits, Hospitalizations and Deaths 2002â€“2006},
volume={},
DOI={},
number={},
journal={Centers for Disease Control and Prevention},
author={Faul, M., et al.},
year={2010},
pages={}}
