@article{leonard2011factors,
  title={Factors associated with cervical spine injury in children after blunt trauma},
  author={Leonard, Julie C and Kuppermann, Nathan and Olsen, Cody and Babcock-Cimpello, Lynn and Brown, Kathleen and Mahajan, Prashant and Adelgais, Kathleen M and Anders, Jennifer and Borgialli, Dominic and Donoghue, Aaron and others},
  journal={Annals of emergency medicine},
  volume={58},
  number={2},
  pages={145--155},
  year={2011},
  publisher={Elsevier}
}