@Article{leonard2011factors,
   Author="Leonard, J. C.  and Kuppermann, N.  and Olsen, C.  and Babcock-Cimpello, L.  and Brown, K.  and Mahajan, P.  and Adelgais, K. M.  and Anders, J.  and Borgialli, D.  and Donoghue, A.  and Hoyle, J. D.  and Kim, E.  and Leonard, J. R.  and Lillis, K. A.  and Nigrovic, L. E.  and Powell, E. C.  and Rebella, G.  and Reeves, S. D.  and Rogers, A. J.  and Stankovic, C.  and Teshome, G.  and Jaffe, D. M.  and Betances, M.  and Nigrovic, L. E.  and Lillis, K.  and Qiao, H.  and Duffy, E. B.  and Mahajan, P.  and Stankovic, C.  and Donoghue, A.  and Houseknecht, E.  and Kittick, M.  and Brown, K.  and Thomas, B.  and Krugh, M.  and Reeves, S. D.  and Taylor, R.  and Hoyle, J. D.  and Trytko, J.  and Borgialli, D.  and Hadden, M.  and Anders, J.  and Hanna, B.  and Van Wagener, E.  and Rebella, G.  and Wagner, D.  and Powell, E.  and Adelgais, K.  and Jacobsen, K.  and Kim, E.  and Kuppermann, N.  and Nichols, S.  and McDuffie, R. L.  and Rogers, A. J.  and Babcock-Cilmpello, L.  and O'Gara, G.  and Bhogte, C.  and Teshome, G.  and Jaffe, D. M.  and Koors, V.  and Leonard, J. R.  and Leonard, J. C.  and Call, K.  and Dean, J. M.  and Enriquez, R.  and Holubkov, R.  and Olsen, C.  and Yu, B.  and Zuspan, S. J.  and Kuppermann, N.  and Alpern, E.  and Borgialli, D.  and Brown, K.  and Chamberlain, J.  and Dean, J.  and Foltin, G.  and Gerardi, M.  and Gorelick, M.  and Hoyle, J.  and Jaffe, D.  and Johns, C.  and Lillis, K.  and Mahajan, P.  and Maio, R.  and Miller, S.  and Monroe, D.  and Ruddy, R.  and Stanley, R.  and Tunik, M.  and Walker, A.  and Kavanaugh, D.  and Dean, M.  and Holubkov, R.  and Knight, S.  and Donaldson, A.  and Zuspan, S.  and Singh, T.  and Drongowski, A.  and Fukushima, L.  and Shults, M.  and Suhajda, J.  and Tunik, M.  and Zuspan, S.  and Gorelick, M.  and Alpern, E.  and Foltin, G.  and Holubov, R.  and Joseph, J.  and Miller, S.  and Moler, F.  and Soldes, O.  and Teach, S.  and Jaffe, D.  and Cooper, A.  and Dean, J.  and Johns, C.  and Kanter, R.  and Maio, R.  and Mann, N.  and Monroe, D.  and Shaw, K.  and Treloar, D.  and Stanley, R.  and Alexander, D.  and Gerardi, M.  and Holubkov, R.  and Lillis, K.  and Ruddy, R.  and Shults, M.  and Walker, A.  and Schalick, W.  and Brennan, J.  and Burr, J.  and Dean, J.  and Hoyle, J.  and Ruddy, R.  and Singh, T.  and Snowdon, D.  and Wright, J. ",
   Title="{{F}actors associated with cervical spine injury in children after blunt trauma}",
   Journal="Ann Emerg Med",
   Year="2011",
   Volume="58",
   Number="2",
   Pages="145--155",
   Month="Aug"
}