@article{yu2008arctic,
author = {Tao Shi and Bin Yu and Eugene E Clothiaux and Amy J Braverman},
title = {Daytime Arctic Cloud Detection Based on Multi-Angle Satellite Data With Case Studies},
journal = {Journal of the American Statistical Association},
volume = {103},
number = {482},
pages = {584-593},
year  = {2008},
publisher = {Taylor & Francis},
doi = {10.1198/016214507000001283}
}
